<?xml version="1.0" encoding="UTF-8"?><collection xmlns="http://www.loc.gov/MARC21/slim"><record><leader>00502nam--2200169-i-4500</leader><controlfield tag="001">000030451</controlfield><controlfield tag="002">20161230</controlfield><controlfield tag="005">20161230201038</controlfield><controlfield tag="008">060222s1000------------r-----000-0-eng-d</controlfield><datafield ind1=" " ind2=" " tag="040"><subfield code="a">IFIN-HH</subfield></datafield><datafield ind1=" " ind2=" " tag="080"><subfield code="a">539.12.04(043):539.2(043)</subfield></datafield><datafield ind1="1" ind2=" " tag="100"><subfield code="a">Magee, Tommy Joe</subfield></datafield><datafield ind1="1" ind2="0" tag="245"><subfield code="a">Defect studies in neutron and gamma irradiated silicon</subfield><subfield code="b">These</subfield><subfield code="c">Tommy joe magee</subfield></datafield><datafield ind1=" " ind2=" " tag="260"><subfield code="a">Ann Arbor, Michigan</subfield><subfield code="b">University Microfilms</subfield><subfield code="c">1970</subfield></datafield><datafield ind1=" " ind2=" " tag="300"><subfield code="a">XVII+333P</subfield></datafield><datafield ind1=" " ind2=" " tag="852"><subfield code="a">41286</subfield><subfield code="c">539.21</subfield></datafield><datafield ind1=" " ind2=" " tag="CAT"><subfield code="a">Sys</subfield><subfield code="c">20121205</subfield><subfield code="h">175120</subfield></datafield></record></collection>